<?xml version="1.0" encoding="UTF-8"?><collection xmlns="http://www.loc.gov/MARC21/slim"><record><leader>00365nam--2200121-i-4500</leader><controlfield tag="001">000034889</controlfield><controlfield tag="002">20161230</controlfield><controlfield tag="005">20161230201040</controlfield><controlfield tag="008">060222s1000------------r-----000-0-eng-d</controlfield><datafield ind1=" " ind2=" " tag="100"><subfield code="a">Norris, Earle B., Therkelsen, E.And Trent, C.E</subfield></datafield><datafield ind1=" " ind2=" " tag="245"><subfield code="a">Applied thermodynamics. formerly `heat power`. 3-rd edition</subfield></datafield><datafield ind1=" " ind2=" " tag="260"><subfield code="a">London, Mcgraw-hill, 1955, Xviii + 490p</subfield></datafield><datafield ind1=" " ind2=" " tag="852"><subfield code="a">5364</subfield></datafield></record></collection>